@article{algorithms,
  author = {Mbali Kalirane},
  title = {Gradient Descent vs. Backpropagation: Whatâ€™s the Difference?},
  journal = {Data Science Blogathon},
  year = {2023},
  month = {April 5},
  url = {https://datahack.analyticsvidhya.com/blogathon/},
  note = {Published as a part of the Data Science Blogathon},
}

@article{ffn_wiki,
  author = {{Wikipedia contributors}},
  title = {Feedforward Neural Network},
  howpublished = {\url{https://en.wikipedia.org/wiki/Feedforward_neural_network}},
  note = {Accessed on \today},
}
